@article{interstellarholography,
author = {M. A. Walker, L. V. E. Koopmans, D. R. Stinebring and W. van Straten},
journal = {Monthly Notices of the Royal Astronomical Society},
month = {May},
pages = {1212-1222},
title = {Interstellar Holography},
volume = {388},
year = {2008}
}

@article{anisotropicinsterstellar,
author = {W. F. Brisken et al},
journal = {The Astrophysical Journal},
month = {Jan},
pages = {232-243},
title = {100 Microarcsecond Resolution VLBI Imaging of Anisotropic Interstellar Scattering Toward Pulsar B0834+06},
volume = {708},
year = {2010}
}

@article{pulsarscintillations,
author = {Ue-Li Pen, Yuri Levin},
journal = {Prepublication},
month = {Jun},
pages = {},
title = {Pulsar scintillations from corrugated recconnection sheets in the ISM},
volume = {},
year = {2013}
}

@article{picoarcsecondastrometry,
author = {Ue-Li Pen et al},
journal = {Prepublication},
month = {Jun},
pages = {},
title = {50 pico arcsecond astrometry of pulsar emission},
volume = {},
year = {2013}
}

@article{plasmalenses,
author = {Ue-Li Pen and Lindsay King},
journal = {Monthly Notices of the Royal Astronomical Society},
month  = {Jan},
pages = {L132-L136},
title = {Refractive convergent plasma leneses explain extreme scattering events and pulsar scintillations},
volume = {421},
year = {2012},
}

@article{gatedimaging,
author = {Jayanta Roy and Bhaswati Bhattacharyya},
journal = {The Astrophysical Journal Letters},
month = {Mar},
pages = {L45 (6pp)},
title = {Coherently Dedispersed Gated Imaging of Millisecond Pulsars},
volume = {765},
year = {2013}
}

@article{millisecondpulsar,
author = {A. S. Fruchter et al},
journal = {The Astrophysical Journal},
month = {Mar},
pages = {642-650},
title = {The Eclipsing Millisecond Pulsar PSR 1957+20},
volume = {351},
year = {1990}
}

